%YAML 1.1
%TAG !u! tag:unity3d.com,2011:
--- !u!1 &551795483442964121
GameObject:
  m_ObjectHideFlags: 0
  m_CorrespondingSourceObject: {fileID: 0}
  m_PrefabInstance: {fileID: 0}
  m_PrefabAsset: {fileID: 0}
  serializedVersion: 6
  m_Component:
  - component: {fileID: 6429585119081948530}
  - component: {fileID: 8183590504789518385}
  - component: {fileID: 9107775040232765595}
  m_Layer: 8
  m_Name: TX Tileset Ground_12
  m_TagString: Untagged
  m_Icon: {fileID: 0}
  m_NavMeshLayer: 0
  m_StaticEditorFlags: 0
  m_IsActive: 1
--- !u!4 &6429585119081948530
Transform:
  m_ObjectHideFlags: 0
  m_CorrespondingSourceObject: {fileID: 0}
  m_PrefabInstance: {fileID: 0}
  m_PrefabAsset: {fileID: 0}
  m_GameObject: {fileID: 551795483442964121}
  m_LocalRotation: {x: -0, y: -0, z: -0, w: 1}
  m_LocalPosition: {x: 2, y: 0, z: 6.604751}
  m_LocalScale: {x: 1, y: 1, z: 1}
  m_Children: []
  m_Father: {fileID: 1791403757239382626}
  m_RootOrder: 2
  m_LocalEulerAnglesHint: {x: 0, y: 0, z: 0}
--- !u!212 &8183590504789518385
SpriteRenderer:
  m_ObjectHideFlags: 0
  m_CorrespondingSourceObject: {fileID: 0}
  m_PrefabInstance: {fileID: 0}
  m_PrefabAsset: {fileID: 0}
  m_GameObject: {fileID: 551795483442964121}
  m_Enabled: 1
  m_CastShadows: 0
  m_ReceiveShadows: 0
  m_DynamicOccludee: 1
  m_MotionVectors: 1
  m_LightProbeUsage: 1
  m_ReflectionProbeUsage: 1
  m_RayTracingMode: 0
  m_RayTraceProcedural: 0
  m_RenderingLayerMask: 1
  m_RendererPriority: 0
  m_Materials:
  - {fileID: 10754, guid: 0000000000000000f000000000000000, type: 0}
  m_StaticBatchInfo:
    firstSubMesh: 0
    subMeshCount: 0
  m_StaticBatchRoot: {fileID: 0}
  m_ProbeAnchor: {fileID: 0}
  m_LightProbeVolumeOverride: {fileID: 0}
  m_ScaleInLightmap: 1
  m_ReceiveGI: 1
  m_PreserveUVs: 0
  m_IgnoreNormalsForChartDetection: 0
  m_ImportantGI: 0
  m_StitchLightmapSeams: 1
  m_SelectedEditorRenderState: 0
  m_MinimumChartSize: 4
  m_AutoUVMaxDistance: 0.5
  m_AutoUVMaxAngle: 89
  m_LightmapParameters: {fileID: 0}
  m_SortingLayerID: 0
  m_SortingLayer: 0
  m_SortingOrder: 100
  m_Sprite: {fileID: -9153956920074294983, guid: 157cbc340d2b7e64ab85168e80e95550, type: 3}
  m_Color: {r: 1, g: 1, b: 1, a: 1}
  m_FlipX: 0
  m_FlipY: 0
  m_DrawMode: 0
  m_Size: {x: 1, y: 1}
  m_AdaptiveModeThreshold: 0.5
  m_SpriteTileMode: 0
  m_WasSpriteAssigned: 1
  m_MaskInteraction: 0
  m_SpriteSortPoint: 0
--- !u!60 &9107775040232765595
PolygonCollider2D:
  m_ObjectHideFlags: 0
  m_CorrespondingSourceObject: {fileID: 0}
  m_PrefabInstance: {fileID: 0}
  m_PrefabAsset: {fileID: 0}
  m_GameObject: {fileID: 551795483442964121}
  m_Enabled: 1
  m_Density: 1
  m_Material: {fileID: 0}
  m_IsTrigger: 0
  m_UsedByEffector: 0
  m_UsedByComposite: 1
  m_Offset: {x: 0, y: 0}
  m_SpriteTilingProperty:
    border: {x: 0, y: 0, z: 0, w: 0}
    pivot: {x: 0.5, y: 0.5}
    oldSize: {x: 1, y: 1}
    newSize: {x: 1, y: 1}
    adaptiveTilingThreshold: 0.5
    drawMode: 0
    adaptiveTiling: 0
  m_AutoTiling: 0
  m_Points:
    m_Paths:
    - - {x: -0.5, y: 0.5}
      - {x: -0.5, y: -0.5}
      - {x: 0.5, y: -0.5}
      - {x: 0.5, y: 0.5}
--- !u!1 &799078383106031690
GameObject:
  m_ObjectHideFlags: 0
  m_CorrespondingSourceObject: {fileID: 0}
  m_PrefabInstance: {fileID: 0}
  m_PrefabAsset: {fileID: 0}
  serializedVersion: 6
  m_Component:
  - component: {fileID: 7834447984824453618}
  - component: {fileID: 5060420623102269923}
  - component: {fileID: 9006248293981123937}
  m_Layer: 8
  m_Name: TX Tileset Ground_145
  m_TagString: Untagged
  m_Icon: {fileID: 0}
  m_NavMeshLayer: 0
  m_StaticEditorFlags: 0
  m_IsActive: 1
--- !u!4 &7834447984824453618
Transform:
  m_ObjectHideFlags: 0
  m_CorrespondingSourceObject: {fileID: 0}
  m_PrefabInstance: {fileID: 0}
  m_PrefabAsset: {fileID: 0}
  m_GameObject: {fileID: 799078383106031690}
  m_LocalRotation: {x: -0, y: -0, z: -0, w: 1}
  m_LocalPosition: {x: 6, y: 0, z: 6.604751}
  m_LocalScale: {x: 1, y: 1, z: 1}
  m_Children: []
  m_Father: {fileID: 1791403757239382626}
  m_RootOrder: 6
  m_LocalEulerAnglesHint: {x: 0, y: 0, z: 0}
--- !u!212 &5060420623102269923
SpriteRenderer:
  m_ObjectHideFlags: 0
  m_CorrespondingSourceObject: {fileID: 0}
  m_PrefabInstance: {fileID: 0}
  m_PrefabAsset: {fileID: 0}
  m_GameObject: {fileID: 799078383106031690}
  m_Enabled: 1
  m_CastShadows: 0
  m_ReceiveShadows: 0
  m_DynamicOccludee: 1
  m_MotionVectors: 1
  m_LightProbeUsage: 1
  m_ReflectionProbeUsage: 1
  m_RayTracingMode: 0
  m_RayTraceProcedural: 0
  m_RenderingLayerMask: 1
  m_RendererPriority: 0
  m_Materials:
  - {fileID: 10754, guid: 0000000000000000f000000000000000, type: 0}
  m_StaticBatchInfo:
    firstSubMesh: 0
    subMeshCount: 0
  m_StaticBatchRoot: {fileID: 0}
  m_ProbeAnchor: {fileID: 0}
  m_LightProbeVolumeOverride: {fileID: 0}
  m_ScaleInLightmap: 1
  m_ReceiveGI: 1
  m_PreserveUVs: 0
  m_IgnoreNormalsForChartDetection: 0
  m_ImportantGI: 0
  m_StitchLightmapSeams: 1
  m_SelectedEditorRenderState: 0
  m_MinimumChartSize: 4
  m_AutoUVMaxDistance: 0.5
  m_AutoUVMaxAngle: 89
  m_LightmapParameters: {fileID: 0}
  m_SortingLayerID: 0
  m_SortingLayer: 0
  m_SortingOrder: 100
  m_Sprite: {fileID: 8566807517496776565, guid: 157cbc340d2b7e64ab85168e80e95550, type: 3}
  m_Color: {r: 1, g: 1, b: 1, a: 1}
  m_FlipX: 0
  m_FlipY: 0
  m_DrawMode: 0
  m_Size: {x: 1, y: 1}
  m_AdaptiveModeThreshold: 0.5
  m_SpriteTileMode: 0
  m_WasSpriteAssigned: 1
  m_MaskInteraction: 0
  m_SpriteSortPoint: 0
--- !u!60 &9006248293981123937
PolygonCollider2D:
  m_ObjectHideFlags: 0
  m_CorrespondingSourceObject: {fileID: 0}
  m_PrefabInstance: {fileID: 0}
  m_PrefabAsset: {fileID: 0}
  m_GameObject: {fileID: 799078383106031690}
  m_Enabled: 1
  m_Density: 1
  m_Material: {fileID: 0}
  m_IsTrigger: 0
  m_UsedByEffector: 0
  m_UsedByComposite: 1
  m_Offset: {x: 0, y: 0}
  m_SpriteTilingProperty:
    border: {x: 0, y: 0, z: 0, w: 0}
    pivot: {x: 0.5, y: 0.5}
    oldSize: {x: 1, y: 1}
    newSize: {x: 1, y: 1}
    adaptiveTilingThreshold: 0.5
    drawMode: 0
    adaptiveTiling: 0
  m_AutoTiling: 0
  m_Points:
    m_Paths:
    - - {x: 0.46875, y: 0.5}
      - {x: -0.5, y: 0.5}
      - {x: -0.5, y: -0.5}
      - {x: 0.0625, y: -0.5}
      - {x: 0.21875, y: -0.375}
      - {x: 0.5, y: -0.09375}
      - {x: 0.5, y: 0.46875}
--- !u!1 &1526751254185985738
GameObject:
  m_ObjectHideFlags: 0
  m_CorrespondingSourceObject: {fileID: 0}
  m_PrefabInstance: {fileID: 0}
  m_PrefabAsset: {fileID: 0}
  serializedVersion: 6
  m_Component:
  - component: {fileID: 1791403757239382626}
  - component: {fileID: 8060490455066292748}
  - component: {fileID: 7759422255051139547}
  - component: {fileID: 6100756548577114587}
  m_Layer: 8
  m_Name: MediumPlatform
  m_TagString: Ground
  m_Icon: {fileID: 0}
  m_NavMeshLayer: 0
  m_StaticEditorFlags: 0
  m_IsActive: 1
--- !u!4 &1791403757239382626
Transform:
  m_ObjectHideFlags: 0
  m_CorrespondingSourceObject: {fileID: 0}
  m_PrefabInstance: {fileID: 0}
  m_PrefabAsset: {fileID: 0}
  m_GameObject: {fileID: 1526751254185985738}
  m_LocalRotation: {x: 0, y: 0, z: 0, w: 1}
  m_LocalPosition: {x: 15.000722, y: 11.76, z: -6.604751}
  m_LocalScale: {x: 1, y: 1, z: 1}
  m_Children:
  - {fileID: 1483802180240750698}
  - {fileID: 219163934141832608}
  - {fileID: 6429585119081948530}
  - {fileID: 4807547722133607401}
  - {fileID: 4876363497085379015}
  - {fileID: 5503749663265296161}
  - {fileID: 7834447984824453618}
  - {fileID: 916639988442829676}
  m_Father: {fileID: 0}
  m_RootOrder: 0
  m_LocalEulerAnglesHint: {x: 0, y: 0, z: 0}
--- !u!50 &8060490455066292748
Rigidbody2D:
  serializedVersion: 4
  m_ObjectHideFlags: 0
  m_CorrespondingSourceObject: {fileID: 0}
  m_PrefabInstance: {fileID: 0}
  m_PrefabAsset: {fileID: 0}
  m_GameObject: {fileID: 1526751254185985738}
  m_BodyType: 2
  m_Simulated: 1
  m_UseFullKinematicContacts: 0
  m_UseAutoMass: 0
  m_Mass: 1
  m_LinearDrag: 0
  m_AngularDrag: 0.05
  m_GravityScale: 1
  m_Material: {fileID: 0}
  m_Interpolate: 0
  m_SleepingMode: 1
  m_CollisionDetection: 0
  m_Constraints: 0
--- !u!66 &7759422255051139547
CompositeCollider2D:
  m_ObjectHideFlags: 0
  m_CorrespondingSourceObject: {fileID: 0}
  m_PrefabInstance: {fileID: 0}
  m_PrefabAsset: {fileID: 0}
  m_GameObject: {fileID: 1526751254185985738}
  m_Enabled: 1
  m_Density: 1
  m_Material: {fileID: 0}
  m_IsTrigger: 0
  m_UsedByEffector: 1
  m_UsedByComposite: 0
  m_Offset: {x: 0, y: 0}
  m_GeometryType: 0
  m_GenerationType: 0
  m_EdgeRadius: 0
  m_ColliderPaths:
  - m_Collider: {fileID: 8667440785556894847}
    m_ColliderPaths:
    - - X: -5000000
        Y: 5000000
      - X: -5000000
        Y: -3750000
      - X: -2812500
        Y: -5000000
      - X: 5000000
        Y: -5000000
      - X: 5000000
        Y: 5000000
  - m_Collider: {fileID: 4918821901124060494}
    m_ColliderPaths:
    - - X: 5000000
        Y: 5000000
      - X: 5000000
        Y: -5000000
      - X: 15000000
        Y: -5000000
      - X: 15000000
        Y: 5000000
  - m_Collider: {fileID: 9107775040232765595}
    m_ColliderPaths:
    - - X: 15000000
        Y: 5000000
      - X: 15000000
        Y: -5000000
      - X: 25000000
        Y: -5000000
      - X: 25000000
        Y: 5000000
  - m_Collider: {fileID: 212708818129995694}
    m_ColliderPaths:
    - - X: 25000000
        Y: 5000000
      - X: 25000000
        Y: -5000000
      - X: 35000000
        Y: -5000000
      - X: 35000000
        Y: 5000000
  - m_Collider: {fileID: 6702442412487727623}
    m_ColliderPaths:
    - - X: 35000000
        Y: 5000000
      - X: 35000000
        Y: -5000000
      - X: 45000000
        Y: -5000000
      - X: 45000000
        Y: 5000000
  - m_Collider: {fileID: 7797791576132054528}
    m_ColliderPaths:
    - - X: 45000000
        Y: 5000000
      - X: 45000000
        Y: -5000000
      - X: 55000000
        Y: -5000000
      - X: 55000000
        Y: 5000000
  - m_Collider: {fileID: 9006248293981123937}
    m_ColliderPaths:
    - - X: 64687500
        Y: 5000000
      - X: 55000000
        Y: 5000000
      - X: 55000000
        Y: -5000000
      - X: 60625000
        Y: -5000000
      - X: 62187500
        Y: -3750000
      - X: 65000000
        Y: -937500
      - X: 65000000
        Y: 4687500
  m_CompositePaths:
    m_Paths:
    - - {x: 6.0624914, y: -0.5}
      - {x: 6.2187514, y: -0.3749988}
      - {x: 6.5, y: -0.093739204}
      - {x: 6.4999924, y: 0.4687576}
      - {x: 6.4687395, y: 0.5}
      - {x: -0.5, y: 0.4999707}
      - {x: -0.4999865, y: -0.37500772}
      - {x: -0.2812432, y: -0.5}
  m_VertexDistance: 0.0005
  m_OffsetDistance: 0.00005
--- !u!251 &6100756548577114587
PlatformEffector2D:
  m_ObjectHideFlags: 0
  m_CorrespondingSourceObject: {fileID: 0}
  m_PrefabInstance: {fileID: 0}
  m_PrefabAsset: {fileID: 0}
  m_GameObject: {fileID: 1526751254185985738}
  m_Enabled: 1
  m_UseColliderMask: 0
  m_ColliderMask:
    serializedVersion: 2
    m_Bits: 4294967295
  m_RotationalOffset: 0
  m_UseOneWay: 1
  m_UseOneWayGrouping: 0
  m_SurfaceArc: 170
  m_UseSideFriction: 0
  m_UseSideBounce: 0
  m_SideArc: 1
--- !u!1 &2839314906474944131
GameObject:
  m_ObjectHideFlags: 0
  m_CorrespondingSourceObject: {fileID: 0}
  m_PrefabInstance: {fileID: 0}
  m_PrefabAsset: {fileID: 0}
  serializedVersion: 6
  m_Component:
  - component: {fileID: 4876363497085379015}
  - component: {fileID: 3071546589051880832}
  - component: {fileID: 6702442412487727623}
  m_Layer: 8
  m_Name: TX Tileset Ground_12 (1)
  m_TagString: Untagged
  m_Icon: {fileID: 0}
  m_NavMeshLayer: 0
  m_StaticEditorFlags: 0
  m_IsActive: 1
--- !u!4 &4876363497085379015
Transform:
  m_ObjectHideFlags: 0
  m_CorrespondingSourceObject: {fileID: 0}
  m_PrefabInstance: {fileID: 0}
  m_PrefabAsset: {fileID: 0}
  m_GameObject: {fileID: 2839314906474944131}
  m_LocalRotation: {x: -0, y: -0, z: -0, w: 1}
  m_LocalPosition: {x: 4, y: 0, z: 6.604751}
  m_LocalScale: {x: 1, y: 1, z: 1}
  m_Children: []
  m_Father: {fileID: 1791403757239382626}
  m_RootOrder: 4
  m_LocalEulerAnglesHint: {x: 0, y: 0, z: 0}
--- !u!212 &3071546589051880832
SpriteRenderer:
  m_ObjectHideFlags: 0
  m_CorrespondingSourceObject: {fileID: 0}
  m_PrefabInstance: {fileID: 0}
  m_PrefabAsset: {fileID: 0}
  m_GameObject: {fileID: 2839314906474944131}
  m_Enabled: 1
  m_CastShadows: 0
  m_ReceiveShadows: 0
  m_DynamicOccludee: 1
  m_MotionVectors: 1
  m_LightProbeUsage: 1
  m_ReflectionProbeUsage: 1
  m_RayTracingMode: 0
  m_RayTraceProcedural: 0
  m_RenderingLayerMask: 1
  m_RendererPriority: 0
  m_Materials:
  - {fileID: 10754, guid: 0000000000000000f000000000000000, type: 0}
  m_StaticBatchInfo:
    firstSubMesh: 0
    subMeshCount: 0
  m_StaticBatchRoot: {fileID: 0}
  m_ProbeAnchor: {fileID: 0}
  m_LightProbeVolumeOverride: {fileID: 0}
  m_ScaleInLightmap: 1
  m_ReceiveGI: 1
  m_PreserveUVs: 0
  m_IgnoreNormalsForChartDetection: 0
  m_ImportantGI: 0
  m_StitchLightmapSeams: 1
  m_SelectedEditorRenderState: 0
  m_MinimumChartSize: 4
  m_AutoUVMaxDistance: 0.5
  m_AutoUVMaxAngle: 89
  m_LightmapParameters: {fileID: 0}
  m_SortingLayerID: 0
  m_SortingLayer: 0
  m_SortingOrder: 100
  m_Sprite: {fileID: -9153956920074294983, guid: 157cbc340d2b7e64ab85168e80e95550, type: 3}
  m_Color: {r: 1, g: 1, b: 1, a: 1}
  m_FlipX: 0
  m_FlipY: 0
  m_DrawMode: 0
  m_Size: {x: 1, y: 1}
  m_AdaptiveModeThreshold: 0.5
  m_SpriteTileMode: 0
  m_WasSpriteAssigned: 1
  m_MaskInteraction: 0
  m_SpriteSortPoint: 0
--- !u!60 &6702442412487727623
PolygonCollider2D:
  m_ObjectHideFlags: 0
  m_CorrespondingSourceObject: {fileID: 0}
  m_PrefabInstance: {fileID: 0}
  m_PrefabAsset: {fileID: 0}
  m_GameObject: {fileID: 2839314906474944131}
  m_Enabled: 1
  m_Density: 1
  m_Material: {fileID: 0}
  m_IsTrigger: 0
  m_UsedByEffector: 0
  m_UsedByComposite: 1
  m_Offset: {x: 0, y: 0}
  m_SpriteTilingProperty:
    border: {x: 0, y: 0, z: 0, w: 0}
    pivot: {x: 0.5, y: 0.5}
    oldSize: {x: 1, y: 1}
    newSize: {x: 1, y: 1}
    adaptiveTilingThreshold: 0.5
    drawMode: 0
    adaptiveTiling: 0
  m_AutoTiling: 0
  m_Points:
    m_Paths:
    - - {x: -0.5, y: 0.5}
      - {x: -0.5, y: -0.5}
      - {x: 0.5, y: -0.5}
      - {x: 0.5, y: 0.5}
--- !u!1 &3152936721368855745
GameObject:
  m_ObjectHideFlags: 0
  m_CorrespondingSourceObject: {fileID: 0}
  m_PrefabInstance: {fileID: 0}
  m_PrefabAsset: {fileID: 0}
  serializedVersion: 6
  m_Component:
  - component: {fileID: 4807547722133607401}
  - component: {fileID: 3043185457620186934}
  - component: {fileID: 212708818129995694}
  m_Layer: 8
  m_Name: TX Tileset Ground_10 (1)
  m_TagString: Untagged
  m_Icon: {fileID: 0}
  m_NavMeshLayer: 0
  m_StaticEditorFlags: 0
  m_IsActive: 1
--- !u!4 &4807547722133607401
Transform:
  m_ObjectHideFlags: 0
  m_CorrespondingSourceObject: {fileID: 0}
  m_PrefabInstance: {fileID: 0}
  m_PrefabAsset: {fileID: 0}
  m_GameObject: {fileID: 3152936721368855745}
  m_LocalRotation: {x: -0, y: -0, z: -0, w: 1}
  m_LocalPosition: {x: 3, y: 0, z: 6.604751}
  m_LocalScale: {x: 1, y: 1, z: 1}
  m_Children: []
  m_Father: {fileID: 1791403757239382626}
  m_RootOrder: 3
  m_LocalEulerAnglesHint: {x: 0, y: 0, z: 0}
--- !u!212 &3043185457620186934
SpriteRenderer:
  m_ObjectHideFlags: 0
  m_CorrespondingSourceObject: {fileID: 0}
  m_PrefabInstance: {fileID: 0}
  m_PrefabAsset: {fileID: 0}
  m_GameObject: {fileID: 3152936721368855745}
  m_Enabled: 1
  m_CastShadows: 0
  m_ReceiveShadows: 0
  m_DynamicOccludee: 1
  m_MotionVectors: 1
  m_LightProbeUsage: 1
  m_ReflectionProbeUsage: 1
  m_RayTracingMode: 0
  m_RayTraceProcedural: 0
  m_RenderingLayerMask: 1
  m_RendererPriority: 0
  m_Materials:
  - {fileID: 10754, guid: 0000000000000000f000000000000000, type: 0}
  m_StaticBatchInfo:
    firstSubMesh: 0
    subMeshCount: 0
  m_StaticBatchRoot: {fileID: 0}
  m_ProbeAnchor: {fileID: 0}
  m_LightProbeVolumeOverride: {fileID: 0}
  m_ScaleInLightmap: 1
  m_ReceiveGI: 1
  m_PreserveUVs: 0
  m_IgnoreNormalsForChartDetection: 0
  m_ImportantGI: 0
  m_StitchLightmapSeams: 1
  m_SelectedEditorRenderState: 0
  m_MinimumChartSize: 4
  m_AutoUVMaxDistance: 0.5
  m_AutoUVMaxAngle: 89
  m_LightmapParameters: {fileID: 0}
  m_SortingLayerID: 0
  m_SortingLayer: 0
  m_SortingOrder: 100
  m_Sprite: {fileID: -8050565165637369036, guid: 157cbc340d2b7e64ab85168e80e95550, type: 3}
  m_Color: {r: 1, g: 1, b: 1, a: 1}
  m_FlipX: 0
  m_FlipY: 0
  m_DrawMode: 0
  m_Size: {x: 1, y: 1}
  m_AdaptiveModeThreshold: 0.5
  m_SpriteTileMode: 0
  m_WasSpriteAssigned: 1
  m_MaskInteraction: 0
  m_SpriteSortPoint: 0
--- !u!60 &212708818129995694
PolygonCollider2D:
  m_ObjectHideFlags: 0
  m_CorrespondingSourceObject: {fileID: 0}
  m_PrefabInstance: {fileID: 0}
  m_PrefabAsset: {fileID: 0}
  m_GameObject: {fileID: 3152936721368855745}
  m_Enabled: 1
  m_Density: 1
  m_Material: {fileID: 0}
  m_IsTrigger: 0
  m_UsedByEffector: 0
  m_UsedByComposite: 1
  m_Offset: {x: 0, y: 0}
  m_SpriteTilingProperty:
    border: {x: 0, y: 0, z: 0, w: 0}
    pivot: {x: 0.5, y: 0.5}
    oldSize: {x: 1, y: 1}
    newSize: {x: 1, y: 1}
    adaptiveTilingThreshold: 0.5
    drawMode: 0
    adaptiveTiling: 0
  m_AutoTiling: 0
  m_Points:
    m_Paths:
    - - {x: -0.5, y: 0.5}
      - {x: -0.5, y: -0.5}
      - {x: 0.5, y: -0.5}
      - {x: 0.5, y: 0.5}
--- !u!1 &4776364045037999711
GameObject:
  m_ObjectHideFlags: 0
  m_CorrespondingSourceObject: {fileID: 0}
  m_PrefabInstance: {fileID: 0}
  m_PrefabAsset: {fileID: 0}
  serializedVersion: 6
  m_Component:
  - component: {fileID: 1483802180240750698}
  - component: {fileID: 2638642343845199641}
  - component: {fileID: 8667440785556894847}
  m_Layer: 8
  m_Name: TX Tileset Ground_9
  m_TagString: Untagged
  m_Icon: {fileID: 0}
  m_NavMeshLayer: 0
  m_StaticEditorFlags: 0
  m_IsActive: 1
--- !u!4 &1483802180240750698
Transform:
  m_ObjectHideFlags: 0
  m_CorrespondingSourceObject: {fileID: 0}
  m_PrefabInstance: {fileID: 0}
  m_PrefabAsset: {fileID: 0}
  m_GameObject: {fileID: 4776364045037999711}
  m_LocalRotation: {x: -0, y: -0, z: -0, w: 1}
  m_LocalPosition: {x: 0, y: 0, z: 6.604751}
  m_LocalScale: {x: 1, y: 1, z: 1}
  m_Children: []
  m_Father: {fileID: 1791403757239382626}
  m_RootOrder: 0
  m_LocalEulerAnglesHint: {x: 0, y: 0, z: 0}
--- !u!212 &2638642343845199641
SpriteRenderer:
  m_ObjectHideFlags: 0
  m_CorrespondingSourceObject: {fileID: 0}
  m_PrefabInstance: {fileID: 0}
  m_PrefabAsset: {fileID: 0}
  m_GameObject: {fileID: 4776364045037999711}
  m_Enabled: 1
  m_CastShadows: 0
  m_ReceiveShadows: 0
  m_DynamicOccludee: 1
  m_MotionVectors: 1
  m_LightProbeUsage: 1
  m_ReflectionProbeUsage: 1
  m_RayTracingMode: 0
  m_RayTraceProcedural: 0
  m_RenderingLayerMask: 1
  m_RendererPriority: 0
  m_Materials:
  - {fileID: 10754, guid: 0000000000000000f000000000000000, type: 0}
  m_StaticBatchInfo:
    firstSubMesh: 0
    subMeshCount: 0
  m_StaticBatchRoot: {fileID: 0}
  m_ProbeAnchor: {fileID: 0}
  m_LightProbeVolumeOverride: {fileID: 0}
  m_ScaleInLightmap: 1
  m_ReceiveGI: 1
  m_PreserveUVs: 0
  m_IgnoreNormalsForChartDetection: 0
  m_ImportantGI: 0
  m_StitchLightmapSeams: 1
  m_SelectedEditorRenderState: 0
  m_MinimumChartSize: 4
  m_AutoUVMaxDistance: 0.5
  m_AutoUVMaxAngle: 89
  m_LightmapParameters: {fileID: 0}
  m_SortingLayerID: 0
  m_SortingLayer: 0
  m_SortingOrder: 100
  m_Sprite: {fileID: 6831165330611300861, guid: 157cbc340d2b7e64ab85168e80e95550, type: 3}
  m_Color: {r: 1, g: 1, b: 1, a: 1}
  m_FlipX: 0
  m_FlipY: 0
  m_DrawMode: 0
  m_Size: {x: 1, y: 1}
  m_AdaptiveModeThreshold: 0.5
  m_SpriteTileMode: 0
  m_WasSpriteAssigned: 1
  m_MaskInteraction: 0
  m_SpriteSortPoint: 0
--- !u!60 &8667440785556894847
PolygonCollider2D:
  m_ObjectHideFlags: 0
  m_CorrespondingSourceObject: {fileID: 0}
  m_PrefabInstance: {fileID: 0}
  m_PrefabAsset: {fileID: 0}
  m_GameObject: {fileID: 4776364045037999711}
  m_Enabled: 1
  m_Density: 1
  m_Material: {fileID: 0}
  m_IsTrigger: 0
  m_UsedByEffector: 0
  m_UsedByComposite: 1
  m_Offset: {x: 0, y: 0}
  m_SpriteTilingProperty:
    border: {x: 0, y: 0, z: 0, w: 0}
    pivot: {x: 0.5, y: 0.5}
    oldSize: {x: 1, y: 1}
    newSize: {x: 1, y: 1}
    adaptiveTilingThreshold: 0.5
    drawMode: 0
    adaptiveTiling: 0
  m_AutoTiling: 0
  m_Points:
    m_Paths:
    - - {x: -0.5, y: 0.5}
      - {x: -0.5, y: -0.375}
      - {x: -0.28125, y: -0.5}
      - {x: 0.5, y: -0.5}
      - {x: 0.5, y: 0.5}
--- !u!1 &5011987618987972432
GameObject:
  m_ObjectHideFlags: 0
  m_CorrespondingSourceObject: {fileID: 0}
  m_PrefabInstance: {fileID: 0}
  m_PrefabAsset: {fileID: 0}
  serializedVersion: 6
  m_Component:
  - component: {fileID: 916639988442829676}
  - component: {fileID: 3980110585281410077}
  m_Layer: 8
  m_Name: PlatformObjects
  m_TagString: Untagged
  m_Icon: {fileID: 0}
  m_NavMeshLayer: 0
  m_StaticEditorFlags: 0
  m_IsActive: 1
--- !u!4 &916639988442829676
Transform:
  m_ObjectHideFlags: 0
  m_CorrespondingSourceObject: {fileID: 0}
  m_PrefabInstance: {fileID: 0}
  m_PrefabAsset: {fileID: 0}
  m_GameObject: {fileID: 5011987618987972432}
  m_LocalRotation: {x: -0, y: -0, z: -0, w: 1}
  m_LocalPosition: {x: 3.8187218, y: 1.2054517, z: -2.267037}
  m_LocalScale: {x: 1, y: 1, z: 1}
  m_Children:
  - {fileID: 7234550654538164460}
  - {fileID: 5829825639723046402}
  - {fileID: 1218178649597495362}
  - {fileID: 915798344673503652}
  - {fileID: 4534071631240585948}
  m_Father: {fileID: 1791403757239382626}
  m_RootOrder: 7
  m_LocalEulerAnglesHint: {x: 0, y: 0, z: 0}
--- !u!114 &3980110585281410077
MonoBehaviour:
  m_ObjectHideFlags: 0
  m_CorrespondingSourceObject: {fileID: 0}
  m_PrefabInstance: {fileID: 0}
  m_PrefabAsset: {fileID: 0}
  m_GameObject: {fileID: 5011987618987972432}
  m_Enabled: 1
  m_EditorHideFlags: 0
  m_Script: {fileID: 11500000, guid: f3a984fb1a9cb8740ae30de2c25cdaa9, type: 3}
  m_Name: 
  m_EditorClassIdentifier: 
  _countToLeave: -1
--- !u!1 &7078697786387665508
GameObject:
  m_ObjectHideFlags: 0
  m_CorrespondingSourceObject: {fileID: 0}
  m_PrefabInstance: {fileID: 0}
  m_PrefabAsset: {fileID: 0}
  serializedVersion: 6
  m_Component:
  - component: {fileID: 219163934141832608}
  - component: {fileID: 6670628592725496984}
  - component: {fileID: 4918821901124060494}
  m_Layer: 8
  m_Name: TX Tileset Ground_10
  m_TagString: Untagged
  m_Icon: {fileID: 0}
  m_NavMeshLayer: 0
  m_StaticEditorFlags: 0
  m_IsActive: 1
--- !u!4 &219163934141832608
Transform:
  m_ObjectHideFlags: 0
  m_CorrespondingSourceObject: {fileID: 0}
  m_PrefabInstance: {fileID: 0}
  m_PrefabAsset: {fileID: 0}
  m_GameObject: {fileID: 7078697786387665508}
  m_LocalRotation: {x: -0, y: -0, z: -0, w: 1}
  m_LocalPosition: {x: 1, y: 0, z: 6.604751}
  m_LocalScale: {x: 1, y: 1, z: 1}
  m_Children: []
  m_Father: {fileID: 1791403757239382626}
  m_RootOrder: 1
  m_LocalEulerAnglesHint: {x: 0, y: 0, z: 0}
--- !u!212 &6670628592725496984
SpriteRenderer:
  m_ObjectHideFlags: 0
  m_CorrespondingSourceObject: {fileID: 0}
  m_PrefabInstance: {fileID: 0}
  m_PrefabAsset: {fileID: 0}
  m_GameObject: {fileID: 7078697786387665508}
  m_Enabled: 1
  m_CastShadows: 0
  m_ReceiveShadows: 0
  m_DynamicOccludee: 1
  m_MotionVectors: 1
  m_LightProbeUsage: 1
  m_ReflectionProbeUsage: 1
  m_RayTracingMode: 0
  m_RayTraceProcedural: 0
  m_RenderingLayerMask: 1
  m_RendererPriority: 0
  m_Materials:
  - {fileID: 10754, guid: 0000000000000000f000000000000000, type: 0}
  m_StaticBatchInfo:
    firstSubMesh: 0
    subMeshCount: 0
  m_StaticBatchRoot: {fileID: 0}
  m_ProbeAnchor: {fileID: 0}
  m_LightProbeVolumeOverride: {fileID: 0}
  m_ScaleInLightmap: 1
  m_ReceiveGI: 1
  m_PreserveUVs: 0
  m_IgnoreNormalsForChartDetection: 0
  m_ImportantGI: 0
  m_StitchLightmapSeams: 1
  m_SelectedEditorRenderState: 0
  m_MinimumChartSize: 4
  m_AutoUVMaxDistance: 0.5
  m_AutoUVMaxAngle: 89
  m_LightmapParameters: {fileID: 0}
  m_SortingLayerID: 0
  m_SortingLayer: 0
  m_SortingOrder: 100
  m_Sprite: {fileID: -8050565165637369036, guid: 157cbc340d2b7e64ab85168e80e95550, type: 3}
  m_Color: {r: 1, g: 1, b: 1, a: 1}
  m_FlipX: 0
  m_FlipY: 0
  m_DrawMode: 0
  m_Size: {x: 1, y: 1}
  m_AdaptiveModeThreshold: 0.5
  m_SpriteTileMode: 0
  m_WasSpriteAssigned: 1
  m_MaskInteraction: 0
  m_SpriteSortPoint: 0
--- !u!60 &4918821901124060494
PolygonCollider2D:
  m_ObjectHideFlags: 0
  m_CorrespondingSourceObject: {fileID: 0}
  m_PrefabInstance: {fileID: 0}
  m_PrefabAsset: {fileID: 0}
  m_GameObject: {fileID: 7078697786387665508}
  m_Enabled: 1
  m_Density: 1
  m_Material: {fileID: 0}
  m_IsTrigger: 0
  m_UsedByEffector: 0
  m_UsedByComposite: 1
  m_Offset: {x: 0, y: 0}
  m_SpriteTilingProperty:
    border: {x: 0, y: 0, z: 0, w: 0}
    pivot: {x: 0.5, y: 0.5}
    oldSize: {x: 1, y: 1}
    newSize: {x: 1, y: 1}
    adaptiveTilingThreshold: 0.5
    drawMode: 0
    adaptiveTiling: 0
  m_AutoTiling: 0
  m_Points:
    m_Paths:
    - - {x: -0.5, y: 0.5}
      - {x: -0.5, y: -0.5}
      - {x: 0.5, y: -0.5}
      - {x: 0.5, y: 0.5}
--- !u!1 &8510536632103043684
GameObject:
  m_ObjectHideFlags: 0
  m_CorrespondingSourceObject: {fileID: 0}
  m_PrefabInstance: {fileID: 0}
  m_PrefabAsset: {fileID: 0}
  serializedVersion: 6
  m_Component:
  - component: {fileID: 5503749663265296161}
  - component: {fileID: 3914700223742155536}
  - component: {fileID: 7797791576132054528}
  m_Layer: 8
  m_Name: TX Tileset Ground_17
  m_TagString: Untagged
  m_Icon: {fileID: 0}
  m_NavMeshLayer: 0
  m_StaticEditorFlags: 0
  m_IsActive: 1
--- !u!4 &5503749663265296161
Transform:
  m_ObjectHideFlags: 0
  m_CorrespondingSourceObject: {fileID: 0}
  m_PrefabInstance: {fileID: 0}
  m_PrefabAsset: {fileID: 0}
  m_GameObject: {fileID: 8510536632103043684}
  m_LocalRotation: {x: -0, y: -0, z: -0, w: 1}
  m_LocalPosition: {x: 5, y: 0, z: 6.604751}
  m_LocalScale: {x: 1, y: 1, z: 1}
  m_Children: []
  m_Father: {fileID: 1791403757239382626}
  m_RootOrder: 5
  m_LocalEulerAnglesHint: {x: 0, y: 0, z: 0}
--- !u!212 &3914700223742155536
SpriteRenderer:
  m_ObjectHideFlags: 0
  m_CorrespondingSourceObject: {fileID: 0}
  m_PrefabInstance: {fileID: 0}
  m_PrefabAsset: {fileID: 0}
  m_GameObject: {fileID: 8510536632103043684}
  m_Enabled: 1
  m_CastShadows: 0
  m_ReceiveShadows: 0
  m_DynamicOccludee: 1
  m_MotionVectors: 1
  m_LightProbeUsage: 1
  m_ReflectionProbeUsage: 1
  m_RayTracingMode: 0
  m_RayTraceProcedural: 0
  m_RenderingLayerMask: 1
  m_RendererPriority: 0
  m_Materials:
  - {fileID: 10754, guid: 0000000000000000f000000000000000, type: 0}
  m_StaticBatchInfo:
    firstSubMesh: 0
    subMeshCount: 0
  m_StaticBatchRoot: {fileID: 0}
  m_ProbeAnchor: {fileID: 0}
  m_LightProbeVolumeOverride: {fileID: 0}
  m_ScaleInLightmap: 1
  m_ReceiveGI: 1
  m_PreserveUVs: 0
  m_IgnoreNormalsForChartDetection: 0
  m_ImportantGI: 0
  m_StitchLightmapSeams: 1
  m_SelectedEditorRenderState: 0
  m_MinimumChartSize: 4
  m_AutoUVMaxDistance: 0.5
  m_AutoUVMaxAngle: 89
  m_LightmapParameters: {fileID: 0}
  m_SortingLayerID: 0
  m_SortingLayer: 0
  m_SortingOrder: 100
  m_Sprite: {fileID: -1766223703499644226, guid: 157cbc340d2b7e64ab85168e80e95550, type: 3}
  m_Color: {r: 1, g: 1, b: 1, a: 1}
  m_FlipX: 0
  m_FlipY: 0
  m_DrawMode: 0
  m_Size: {x: 1, y: 1}
  m_AdaptiveModeThreshold: 0.5
  m_SpriteTileMode: 0
  m_WasSpriteAssigned: 1
  m_MaskInteraction: 0
  m_SpriteSortPoint: 0
--- !u!60 &7797791576132054528
PolygonCollider2D:
  m_ObjectHideFlags: 0
  m_CorrespondingSourceObject: {fileID: 0}
  m_PrefabInstance: {fileID: 0}
  m_PrefabAsset: {fileID: 0}
  m_GameObject: {fileID: 8510536632103043684}
  m_Enabled: 1
  m_Density: 1
  m_Material: {fileID: 0}
  m_IsTrigger: 0
  m_UsedByEffector: 0
  m_UsedByComposite: 1
  m_Offset: {x: 0, y: 0}
  m_SpriteTilingProperty:
    border: {x: 0, y: 0, z: 0, w: 0}
    pivot: {x: 0.5, y: 0.5}
    oldSize: {x: 1, y: 1}
    newSize: {x: 1, y: 1}
    adaptiveTilingThreshold: 0.5
    drawMode: 0
    adaptiveTiling: 0
  m_AutoTiling: 0
  m_Points:
    m_Paths:
    - - {x: -0.5, y: 0.5}
      - {x: -0.5, y: -0.5}
      - {x: 0.5, y: -0.5}
      - {x: 0.5, y: 0.5}
--- !u!1001 &785662170397270010
PrefabInstance:
  m_ObjectHideFlags: 0
  serializedVersion: 2
  m_Modification:
    m_TransformParent: {fileID: 916639988442829676}
    m_Modifications:
    - target: {fileID: 7962771963949938453, guid: e01e2d4f1cd94b24fba7c5f7447720c5, type: 3}
      propertyPath: m_Name
      value: TX Village Props Grass C
      objectReference: {fileID: 0}
    - target: {fileID: 7962771963949938453, guid: e01e2d4f1cd94b24fba7c5f7447720c5, type: 3}
      propertyPath: m_Layer
      value: 8
      objectReference: {fileID: 0}
    - target: {fileID: 7962771963949938454, guid: e01e2d4f1cd94b24fba7c5f7447720c5, type: 3}
      propertyPath: m_RootOrder
      value: 0
      objectReference: {fileID: 0}
    - target: {fileID: 7962771963949938454, guid: e01e2d4f1cd94b24fba7c5f7447720c5, type: 3}
      propertyPath: m_LocalPosition.x
      value: -3.5801134
      objectReference: {fileID: 0}
    - target: {fileID: 7962771963949938454, guid: e01e2d4f1cd94b24fba7c5f7447720c5, type: 3}
      propertyPath: m_LocalPosition.y
      value: -0.7438135
      objectReference: {fileID: 0}
    - target: {fileID: 7962771963949938454, guid: e01e2d4f1cd94b24fba7c5f7447720c5, type: 3}
      propertyPath: m_LocalPosition.z
      value: 8.871788
      objectReference: {fileID: 0}
    - target: {fileID: 7962771963949938454, guid: e01e2d4f1cd94b24fba7c5f7447720c5, type: 3}
      propertyPath: m_LocalRotation.w
      value: 1
      objectReference: {fileID: 0}
    - target: {fileID: 7962771963949938454, guid: e01e2d4f1cd94b24fba7c5f7447720c5, type: 3}
      propertyPath: m_LocalRotation.x
      value: -0
      objectReference: {fileID: 0}
    - target: {fileID: 7962771963949938454, guid: e01e2d4f1cd94b24fba7c5f7447720c5, type: 3}
      propertyPath: m_LocalRotation.y
      value: -0
      objectReference: {fileID: 0}
    - target: {fileID: 7962771963949938454, guid: e01e2d4f1cd94b24fba7c5f7447720c5, type: 3}
      propertyPath: m_LocalRotation.z
      value: -0
      objectReference: {fileID: 0}
    - target: {fileID: 7962771963949938454, guid: e01e2d4f1cd94b24fba7c5f7447720c5, type: 3}
      propertyPath: m_LocalEulerAnglesHint.x
      value: 0
      objectReference: {fileID: 0}
    - target: {fileID: 7962771963949938454, guid: e01e2d4f1cd94b24fba7c5f7447720c5, type: 3}
      propertyPath: m_LocalEulerAnglesHint.y
      value: 0
      objectReference: {fileID: 0}
    - target: {fileID: 7962771963949938454, guid: e01e2d4f1cd94b24fba7c5f7447720c5, type: 3}
      propertyPath: m_LocalEulerAnglesHint.z
      value: 0
      objectReference: {fileID: 0}
    m_RemovedComponents: []
  m_SourcePrefab: {fileID: 100100000, guid: e01e2d4f1cd94b24fba7c5f7447720c5, type: 3}
--- !u!4 &7234550654538164460 stripped
Transform:
  m_CorrespondingSourceObject: {fileID: 7962771963949938454, guid: e01e2d4f1cd94b24fba7c5f7447720c5, type: 3}
  m_PrefabInstance: {fileID: 785662170397270010}
  m_PrefabAsset: {fileID: 0}
--- !u!1001 &3607724738677131662
PrefabInstance:
  m_ObjectHideFlags: 0
  serializedVersion: 2
  m_Modification:
    m_TransformParent: {fileID: 916639988442829676}
    m_Modifications:
    - target: {fileID: 4513916581265989674, guid: 5c93eb54423fd07489427eca0ba3e42a, type: 3}
      propertyPath: m_RootOrder
      value: 3
      objectReference: {fileID: 0}
    - target: {fileID: 4513916581265989674, guid: 5c93eb54423fd07489427eca0ba3e42a, type: 3}
      propertyPath: m_LocalPosition.x
      value: 0.47407913
      objectReference: {fileID: 0}
    - target: {fileID: 4513916581265989674, guid: 5c93eb54423fd07489427eca0ba3e42a, type: 3}
      propertyPath: m_LocalPosition.y
      value: -0.6947708
      objectReference: {fileID: 0}
    - target: {fileID: 4513916581265989674, guid: 5c93eb54423fd07489427eca0ba3e42a, type: 3}
      propertyPath: m_LocalPosition.z
      value: 8.871788
      objectReference: {fileID: 0}
    - target: {fileID: 4513916581265989674, guid: 5c93eb54423fd07489427eca0ba3e42a, type: 3}
      propertyPath: m_LocalRotation.w
      value: 1
      objectReference: {fileID: 0}
    - target: {fileID: 4513916581265989674, guid: 5c93eb54423fd07489427eca0ba3e42a, type: 3}
      propertyPath: m_LocalRotation.x
      value: -0
      objectReference: {fileID: 0}
    - target: {fileID: 4513916581265989674, guid: 5c93eb54423fd07489427eca0ba3e42a, type: 3}
      propertyPath: m_LocalRotation.y
      value: -0
      objectReference: {fileID: 0}
    - target: {fileID: 4513916581265989674, guid: 5c93eb54423fd07489427eca0ba3e42a, type: 3}
      propertyPath: m_LocalRotation.z
      value: -0
      objectReference: {fileID: 0}
    - target: {fileID: 4513916581265989674, guid: 5c93eb54423fd07489427eca0ba3e42a, type: 3}
      propertyPath: m_LocalEulerAnglesHint.x
      value: 0
      objectReference: {fileID: 0}
    - target: {fileID: 4513916581265989674, guid: 5c93eb54423fd07489427eca0ba3e42a, type: 3}
      propertyPath: m_LocalEulerAnglesHint.y
      value: 0
      objectReference: {fileID: 0}
    - target: {fileID: 4513916581265989674, guid: 5c93eb54423fd07489427eca0ba3e42a, type: 3}
      propertyPath: m_LocalEulerAnglesHint.z
      value: 0
      objectReference: {fileID: 0}
    - target: {fileID: 4513916581265989675, guid: 5c93eb54423fd07489427eca0ba3e42a, type: 3}
      propertyPath: m_Name
      value: TX Village Props Grass Flower B
      objectReference: {fileID: 0}
    - target: {fileID: 4513916581265989675, guid: 5c93eb54423fd07489427eca0ba3e42a, type: 3}
      propertyPath: m_Layer
      value: 8
      objectReference: {fileID: 0}
    - target: {fileID: 4513916582820495945, guid: 5c93eb54423fd07489427eca0ba3e42a, type: 3}
      propertyPath: m_Layer
      value: 8
      objectReference: {fileID: 0}
    m_RemovedComponents: []
  m_SourcePrefab: {fileID: 100100000, guid: 5c93eb54423fd07489427eca0ba3e42a, type: 3}
--- !u!4 &915798344673503652 stripped
Transform:
  m_CorrespondingSourceObject: {fileID: 4513916581265989674, guid: 5c93eb54423fd07489427eca0ba3e42a, type: 3}
  m_PrefabInstance: {fileID: 3607724738677131662}
  m_PrefabAsset: {fileID: 0}
--- !u!1001 &4296782256499787156
PrefabInstance:
  m_ObjectHideFlags: 0
  serializedVersion: 2
  m_Modification:
    m_TransformParent: {fileID: 916639988442829676}
    m_Modifications:
    - target: {fileID: 7730023291812254612, guid: d4071901789ed384389951219d1e0315, type: 3}
      propertyPath: m_Name
      value: PF Village Props - Brick Wall
      objectReference: {fileID: 0}
    - target: {fileID: 7730023291812254612, guid: d4071901789ed384389951219d1e0315, type: 3}
      propertyPath: m_Layer
      value: 8
      objectReference: {fileID: 0}
    - target: {fileID: 7730023291812254614, guid: d4071901789ed384389951219d1e0315, type: 3}
      propertyPath: m_RootOrder
      value: 1
      objectReference: {fileID: 0}
    - target: {fileID: 7730023291812254614, guid: d4071901789ed384389951219d1e0315, type: 3}
      propertyPath: m_LocalPosition.x
      value: -1.994401
      objectReference: {fileID: 0}
    - target: {fileID: 7730023291812254614, guid: d4071901789ed384389951219d1e0315, type: 3}
      propertyPath: m_LocalPosition.y
      value: -0.7274661
      objectReference: {fileID: 0}
    - target: {fileID: 7730023291812254614, guid: d4071901789ed384389951219d1e0315, type: 3}
      propertyPath: m_LocalPosition.z
      value: 8.871788
      objectReference: {fileID: 0}
    - target: {fileID: 7730023291812254614, guid: d4071901789ed384389951219d1e0315, type: 3}
      propertyPath: m_LocalRotation.w
      value: 1
      objectReference: {fileID: 0}
    - target: {fileID: 7730023291812254614, guid: d4071901789ed384389951219d1e0315, type: 3}
      propertyPath: m_LocalRotation.x
      value: -0
      objectReference: {fileID: 0}
    - target: {fileID: 7730023291812254614, guid: d4071901789ed384389951219d1e0315, type: 3}
      propertyPath: m_LocalRotation.y
      value: -0
      objectReference: {fileID: 0}
    - target: {fileID: 7730023291812254614, guid: d4071901789ed384389951219d1e0315, type: 3}
      propertyPath: m_LocalRotation.z
      value: -0
      objectReference: {fileID: 0}
    - target: {fileID: 7730023291812254614, guid: d4071901789ed384389951219d1e0315, type: 3}
      propertyPath: m_LocalEulerAnglesHint.x
      value: 0
      objectReference: {fileID: 0}
    - target: {fileID: 7730023291812254614, guid: d4071901789ed384389951219d1e0315, type: 3}
      propertyPath: m_LocalEulerAnglesHint.y
      value: 0
      objectReference: {fileID: 0}
    - target: {fileID: 7730023291812254614, guid: d4071901789ed384389951219d1e0315, type: 3}
      propertyPath: m_LocalEulerAnglesHint.z
      value: 0
      objectReference: {fileID: 0}
    m_RemovedComponents: []
  m_SourcePrefab: {fileID: 100100000, guid: d4071901789ed384389951219d1e0315, type: 3}
--- !u!4 &5829825639723046402 stripped
Transform:
  m_CorrespondingSourceObject: {fileID: 7730023291812254614, guid: d4071901789ed384389951219d1e0315, type: 3}
  m_PrefabInstance: {fileID: 4296782256499787156}
  m_PrefabAsset: {fileID: 0}
--- !u!1001 &4657219732016599285
PrefabInstance:
  m_ObjectHideFlags: 0
  serializedVersion: 2
  m_Modification:
    m_TransformParent: {fileID: 916639988442829676}
    m_Modifications:
    - target: {fileID: 9101078355986313768, guid: 857a18b9e87dfef49a41a81a3ca1d5be, type: 3}
      propertyPath: m_Name
      value: TX Village Props Grass Flower A
      objectReference: {fileID: 0}
    - target: {fileID: 9101078355986313768, guid: 857a18b9e87dfef49a41a81a3ca1d5be, type: 3}
      propertyPath: m_Layer
      value: 8
      objectReference: {fileID: 0}
    - target: {fileID: 9101078355986313769, guid: 857a18b9e87dfef49a41a81a3ca1d5be, type: 3}
      propertyPath: m_RootOrder
      value: 4
      objectReference: {fileID: 0}
    - target: {fileID: 9101078355986313769, guid: 857a18b9e87dfef49a41a81a3ca1d5be, type: 3}
      propertyPath: m_LocalPosition.x
      value: -1.14
      objectReference: {fileID: 0}
    - target: {fileID: 9101078355986313769, guid: 857a18b9e87dfef49a41a81a3ca1d5be, type: 3}
      propertyPath: m_LocalPosition.y
      value: -0.74
      objectReference: {fileID: 0}
    - target: {fileID: 9101078355986313769, guid: 857a18b9e87dfef49a41a81a3ca1d5be, type: 3}
      propertyPath: m_LocalPosition.z
      value: 8.871788
      objectReference: {fileID: 0}
    - target: {fileID: 9101078355986313769, guid: 857a18b9e87dfef49a41a81a3ca1d5be, type: 3}
      propertyPath: m_LocalRotation.w
      value: 1
      objectReference: {fileID: 0}
    - target: {fileID: 9101078355986313769, guid: 857a18b9e87dfef49a41a81a3ca1d5be, type: 3}
      propertyPath: m_LocalRotation.x
      value: -0
      objectReference: {fileID: 0}
    - target: {fileID: 9101078355986313769, guid: 857a18b9e87dfef49a41a81a3ca1d5be, type: 3}
      propertyPath: m_LocalRotation.y
      value: -0
      objectReference: {fileID: 0}
    - target: {fileID: 9101078355986313769, guid: 857a18b9e87dfef49a41a81a3ca1d5be, type: 3}
      propertyPath: m_LocalRotation.z
      value: -0
      objectReference: {fileID: 0}
    - target: {fileID: 9101078355986313769, guid: 857a18b9e87dfef49a41a81a3ca1d5be, type: 3}
      propertyPath: m_LocalEulerAnglesHint.x
      value: 0
      objectReference: {fileID: 0}
    - target: {fileID: 9101078355986313769, guid: 857a18b9e87dfef49a41a81a3ca1d5be, type: 3}
      propertyPath: m_LocalEulerAnglesHint.y
      value: 0
      objectReference: {fileID: 0}
    - target: {fileID: 9101078355986313769, guid: 857a18b9e87dfef49a41a81a3ca1d5be, type: 3}
      propertyPath: m_LocalEulerAnglesHint.z
      value: 0
      objectReference: {fileID: 0}
    - target: {fileID: 9101078357768698978, guid: 857a18b9e87dfef49a41a81a3ca1d5be, type: 3}
      propertyPath: m_Layer
      value: 8
      objectReference: {fileID: 0}
    m_RemovedComponents: []
  m_SourcePrefab: {fileID: 100100000, guid: 857a18b9e87dfef49a41a81a3ca1d5be, type: 3}
--- !u!4 &4534071631240585948 stripped
Transform:
  m_CorrespondingSourceObject: {fileID: 9101078355986313769, guid: 857a18b9e87dfef49a41a81a3ca1d5be, type: 3}
  m_PrefabInstance: {fileID: 4657219732016599285}
  m_PrefabAsset: {fileID: 0}
--- !u!1001 &6188912709959748671
PrefabInstance:
  m_ObjectHideFlags: 0
  serializedVersion: 2
  m_Modification:
    m_TransformParent: {fileID: 916639988442829676}
    m_Modifications:
    - target: {fileID: 4973302571607540861, guid: b076c268235cb7348a5d9a036ec254c4, type: 3}
      propertyPath: m_RootOrder
      value: 2
      objectReference: {fileID: 0}
    - target: {fileID: 4973302571607540861, guid: b076c268235cb7348a5d9a036ec254c4, type: 3}
      propertyPath: m_LocalPosition.x
      value: 1.8112783
      objectReference: {fileID: 0}
    - target: {fileID: 4973302571607540861, guid: b076c268235cb7348a5d9a036ec254c4, type: 3}
      propertyPath: m_LocalPosition.y
      value: -0.76545167
      objectReference: {fileID: 0}
    - target: {fileID: 4973302571607540861, guid: b076c268235cb7348a5d9a036ec254c4, type: 3}
      propertyPath: m_LocalPosition.z
      value: 2.267037
      objectReference: {fileID: 0}
    - target: {fileID: 4973302571607540861, guid: b076c268235cb7348a5d9a036ec254c4, type: 3}
      propertyPath: m_LocalRotation.w
      value: 1
      objectReference: {fileID: 0}
    - target: {fileID: 4973302571607540861, guid: b076c268235cb7348a5d9a036ec254c4, type: 3}
      propertyPath: m_LocalRotation.x
      value: -0
      objectReference: {fileID: 0}
    - target: {fileID: 4973302571607540861, guid: b076c268235cb7348a5d9a036ec254c4, type: 3}
      propertyPath: m_LocalRotation.y
      value: -0
      objectReference: {fileID: 0}
    - target: {fileID: 4973302571607540861, guid: b076c268235cb7348a5d9a036ec254c4, type: 3}
      propertyPath: m_LocalRotation.z
      value: -0
      objectReference: {fileID: 0}
    - target: {fileID: 4973302571607540861, guid: b076c268235cb7348a5d9a036ec254c4, type: 3}
      propertyPath: m_LocalEulerAnglesHint.x
      value: 0
      objectReference: {fileID: 0}
    - target: {fileID: 4973302571607540861, guid: b076c268235cb7348a5d9a036ec254c4, type: 3}
      propertyPath: m_LocalEulerAnglesHint.y
      value: 0
      objectReference: {fileID: 0}
    - target: {fileID: 4973302571607540861, guid: b076c268235cb7348a5d9a036ec254c4, type: 3}
      propertyPath: m_LocalEulerAnglesHint.z
      value: 0
      objectReference: {fileID: 0}
    - target: {fileID: 4973302571607540863, guid: b076c268235cb7348a5d9a036ec254c4, type: 3}
      propertyPath: m_Name
      value: PF Village Props - Rock B
      objectReference: {fileID: 0}
    - target: {fileID: 4973302571607540863, guid: b076c268235cb7348a5d9a036ec254c4, type: 3}
      propertyPath: m_Layer
      value: 8
      objectReference: {fileID: 0}
    m_RemovedComponents: []
  m_SourcePrefab: {fileID: 100100000, guid: b076c268235cb7348a5d9a036ec254c4, type: 3}
--- !u!4 &1218178649597495362 stripped
Transform:
  m_CorrespondingSourceObject: {fileID: 4973302571607540861, guid: b076c268235cb7348a5d9a036ec254c4, type: 3}
  m_PrefabInstance: {fileID: 6188912709959748671}
  m_PrefabAsset: {fileID: 0}
