%YAML 1.1
%TAG !u! tag:unity3d.com,2011:
--- !u!1 &127496298116218101
GameObject:
  m_ObjectHideFlags: 0
  m_CorrespondingSourceObject: {fileID: 0}
  m_PrefabInstance: {fileID: 0}
  m_PrefabAsset: {fileID: 0}
  serializedVersion: 6
  m_Component:
  - component: {fileID: 7382618324194028304}
  - component: {fileID: 5773155868232942760}
  m_Layer: 8
  m_Name: PlatformObjects
  m_TagString: Untagged
  m_Icon: {fileID: 0}
  m_NavMeshLayer: 0
  m_StaticEditorFlags: 0
  m_IsActive: 1
--- !u!4 &7382618324194028304
Transform:
  m_ObjectHideFlags: 0
  m_CorrespondingSourceObject: {fileID: 0}
  m_PrefabInstance: {fileID: 0}
  m_PrefabAsset: {fileID: 0}
  m_GameObject: {fileID: 127496298116218101}
  m_LocalRotation: {x: -0, y: -0, z: -0, w: 1}
  m_LocalPosition: {x: 1, y: 0, z: 6.326841}
  m_LocalScale: {x: 1, y: 1, z: 1}
  m_Children:
  - {fileID: 8817612527247103056}
  - {fileID: 4809653531239902873}
  - {fileID: 2811225998669915803}
  m_Father: {fileID: 5181480344041539404}
  m_RootOrder: 3
  m_LocalEulerAnglesHint: {x: 0, y: 0, z: 0}
--- !u!114 &5773155868232942760
MonoBehaviour:
  m_ObjectHideFlags: 0
  m_CorrespondingSourceObject: {fileID: 0}
  m_PrefabInstance: {fileID: 0}
  m_PrefabAsset: {fileID: 0}
  m_GameObject: {fileID: 127496298116218101}
  m_Enabled: 1
  m_EditorHideFlags: 0
  m_Script: {fileID: 11500000, guid: f3a984fb1a9cb8740ae30de2c25cdaa9, type: 3}
  m_Name: 
  m_EditorClassIdentifier: 
  _countToLeave: -1
--- !u!1 &2824096672970662123
GameObject:
  m_ObjectHideFlags: 0
  m_CorrespondingSourceObject: {fileID: 0}
  m_PrefabInstance: {fileID: 0}
  m_PrefabAsset: {fileID: 0}
  serializedVersion: 6
  m_Component:
  - component: {fileID: 143417226459198156}
  - component: {fileID: 827998252914531770}
  - component: {fileID: 2017692307221382089}
  m_Layer: 8
  m_Name: TX Tileset Ground_145
  m_TagString: Untagged
  m_Icon: {fileID: 0}
  m_NavMeshLayer: 0
  m_StaticEditorFlags: 0
  m_IsActive: 1
--- !u!4 &143417226459198156
Transform:
  m_ObjectHideFlags: 0
  m_CorrespondingSourceObject: {fileID: 0}
  m_PrefabInstance: {fileID: 0}
  m_PrefabAsset: {fileID: 0}
  m_GameObject: {fileID: 2824096672970662123}
  m_LocalRotation: {x: -0, y: -0, z: -0, w: 1}
  m_LocalPosition: {x: 2, y: 0, z: 6.326841}
  m_LocalScale: {x: 1, y: 1, z: 1}
  m_Children: []
  m_Father: {fileID: 5181480344041539404}
  m_RootOrder: 2
  m_LocalEulerAnglesHint: {x: 0, y: 0, z: 0}
--- !u!212 &827998252914531770
SpriteRenderer:
  m_ObjectHideFlags: 0
  m_CorrespondingSourceObject: {fileID: 0}
  m_PrefabInstance: {fileID: 0}
  m_PrefabAsset: {fileID: 0}
  m_GameObject: {fileID: 2824096672970662123}
  m_Enabled: 1
  m_CastShadows: 0
  m_ReceiveShadows: 0
  m_DynamicOccludee: 1
  m_MotionVectors: 1
  m_LightProbeUsage: 1
  m_ReflectionProbeUsage: 1
  m_RayTracingMode: 0
  m_RayTraceProcedural: 0
  m_RenderingLayerMask: 1
  m_RendererPriority: 0
  m_Materials:
  - {fileID: 10754, guid: 0000000000000000f000000000000000, type: 0}
  m_StaticBatchInfo:
    firstSubMesh: 0
    subMeshCount: 0
  m_StaticBatchRoot: {fileID: 0}
  m_ProbeAnchor: {fileID: 0}
  m_LightProbeVolumeOverride: {fileID: 0}
  m_ScaleInLightmap: 1
  m_ReceiveGI: 1
  m_PreserveUVs: 0
  m_IgnoreNormalsForChartDetection: 0
  m_ImportantGI: 0
  m_StitchLightmapSeams: 1
  m_SelectedEditorRenderState: 0
  m_MinimumChartSize: 4
  m_AutoUVMaxDistance: 0.5
  m_AutoUVMaxAngle: 89
  m_LightmapParameters: {fileID: 0}
  m_SortingLayerID: 0
  m_SortingLayer: 0
  m_SortingOrder: 100
  m_Sprite: {fileID: 8566807517496776565, guid: 157cbc340d2b7e64ab85168e80e95550, type: 3}
  m_Color: {r: 1, g: 1, b: 1, a: 1}
  m_FlipX: 0
  m_FlipY: 0
  m_DrawMode: 0
  m_Size: {x: 1, y: 1}
  m_AdaptiveModeThreshold: 0.5
  m_SpriteTileMode: 0
  m_WasSpriteAssigned: 1
  m_MaskInteraction: 0
  m_SpriteSortPoint: 0
--- !u!60 &2017692307221382089
PolygonCollider2D:
  m_ObjectHideFlags: 0
  m_CorrespondingSourceObject: {fileID: 0}
  m_PrefabInstance: {fileID: 0}
  m_PrefabAsset: {fileID: 0}
  m_GameObject: {fileID: 2824096672970662123}
  m_Enabled: 1
  m_Density: 1
  m_Material: {fileID: 0}
  m_IsTrigger: 0
  m_UsedByEffector: 0
  m_UsedByComposite: 1
  m_Offset: {x: 0, y: 0}
  m_SpriteTilingProperty:
    border: {x: 0, y: 0, z: 0, w: 0}
    pivot: {x: 0.5, y: 0.5}
    oldSize: {x: 1, y: 1}
    newSize: {x: 1, y: 1}
    adaptiveTilingThreshold: 0.5
    drawMode: 0
    adaptiveTiling: 0
  m_AutoTiling: 0
  m_Points:
    m_Paths:
    - - {x: 0.46875, y: 0.5}
      - {x: -0.5, y: 0.5}
      - {x: -0.5, y: -0.5}
      - {x: 0.0625, y: -0.5}
      - {x: 0.21875, y: -0.375}
      - {x: 0.5, y: -0.09375}
      - {x: 0.5, y: 0.46875}
--- !u!1 &4078295808654688176
GameObject:
  m_ObjectHideFlags: 0
  m_CorrespondingSourceObject: {fileID: 0}
  m_PrefabInstance: {fileID: 0}
  m_PrefabAsset: {fileID: 0}
  serializedVersion: 6
  m_Component:
  - component: {fileID: 1069318146472379121}
  - component: {fileID: 2348423661234901885}
  - component: {fileID: 2376148545835251374}
  m_Layer: 8
  m_Name: TX Tileset Ground_10
  m_TagString: Untagged
  m_Icon: {fileID: 0}
  m_NavMeshLayer: 0
  m_StaticEditorFlags: 0
  m_IsActive: 1
--- !u!4 &1069318146472379121
Transform:
  m_ObjectHideFlags: 0
  m_CorrespondingSourceObject: {fileID: 0}
  m_PrefabInstance: {fileID: 0}
  m_PrefabAsset: {fileID: 0}
  m_GameObject: {fileID: 4078295808654688176}
  m_LocalRotation: {x: -0, y: -0, z: -0, w: 1}
  m_LocalPosition: {x: 1, y: 0, z: 6.326841}
  m_LocalScale: {x: 1, y: 1, z: 1}
  m_Children: []
  m_Father: {fileID: 5181480344041539404}
  m_RootOrder: 1
  m_LocalEulerAnglesHint: {x: 0, y: 0, z: 0}
--- !u!212 &2348423661234901885
SpriteRenderer:
  m_ObjectHideFlags: 0
  m_CorrespondingSourceObject: {fileID: 0}
  m_PrefabInstance: {fileID: 0}
  m_PrefabAsset: {fileID: 0}
  m_GameObject: {fileID: 4078295808654688176}
  m_Enabled: 1
  m_CastShadows: 0
  m_ReceiveShadows: 0
  m_DynamicOccludee: 1
  m_MotionVectors: 1
  m_LightProbeUsage: 1
  m_ReflectionProbeUsage: 1
  m_RayTracingMode: 0
  m_RayTraceProcedural: 0
  m_RenderingLayerMask: 1
  m_RendererPriority: 0
  m_Materials:
  - {fileID: 10754, guid: 0000000000000000f000000000000000, type: 0}
  m_StaticBatchInfo:
    firstSubMesh: 0
    subMeshCount: 0
  m_StaticBatchRoot: {fileID: 0}
  m_ProbeAnchor: {fileID: 0}
  m_LightProbeVolumeOverride: {fileID: 0}
  m_ScaleInLightmap: 1
  m_ReceiveGI: 1
  m_PreserveUVs: 0
  m_IgnoreNormalsForChartDetection: 0
  m_ImportantGI: 0
  m_StitchLightmapSeams: 1
  m_SelectedEditorRenderState: 0
  m_MinimumChartSize: 4
  m_AutoUVMaxDistance: 0.5
  m_AutoUVMaxAngle: 89
  m_LightmapParameters: {fileID: 0}
  m_SortingLayerID: 0
  m_SortingLayer: 0
  m_SortingOrder: 100
  m_Sprite: {fileID: -8050565165637369036, guid: 157cbc340d2b7e64ab85168e80e95550, type: 3}
  m_Color: {r: 1, g: 1, b: 1, a: 1}
  m_FlipX: 0
  m_FlipY: 0
  m_DrawMode: 0
  m_Size: {x: 1, y: 1}
  m_AdaptiveModeThreshold: 0.5
  m_SpriteTileMode: 0
  m_WasSpriteAssigned: 1
  m_MaskInteraction: 0
  m_SpriteSortPoint: 0
--- !u!60 &2376148545835251374
PolygonCollider2D:
  m_ObjectHideFlags: 0
  m_CorrespondingSourceObject: {fileID: 0}
  m_PrefabInstance: {fileID: 0}
  m_PrefabAsset: {fileID: 0}
  m_GameObject: {fileID: 4078295808654688176}
  m_Enabled: 1
  m_Density: 1
  m_Material: {fileID: 0}
  m_IsTrigger: 0
  m_UsedByEffector: 0
  m_UsedByComposite: 1
  m_Offset: {x: 0, y: 0}
  m_SpriteTilingProperty:
    border: {x: 0, y: 0, z: 0, w: 0}
    pivot: {x: 0.5, y: 0.5}
    oldSize: {x: 1, y: 1}
    newSize: {x: 1, y: 1}
    adaptiveTilingThreshold: 0.5
    drawMode: 0
    adaptiveTiling: 0
  m_AutoTiling: 0
  m_Points:
    m_Paths:
    - - {x: -0.5, y: 0.5}
      - {x: -0.5, y: -0.5}
      - {x: 0.5, y: -0.5}
      - {x: 0.5, y: 0.5}
--- !u!1 &4243803076955489301
GameObject:
  m_ObjectHideFlags: 0
  m_CorrespondingSourceObject: {fileID: 0}
  m_PrefabInstance: {fileID: 0}
  m_PrefabAsset: {fileID: 0}
  serializedVersion: 6
  m_Component:
  - component: {fileID: 8632905303794187696}
  - component: {fileID: 7955740761498848550}
  - component: {fileID: 795426264981244166}
  m_Layer: 8
  m_Name: TX Tileset Ground_9
  m_TagString: Untagged
  m_Icon: {fileID: 0}
  m_NavMeshLayer: 0
  m_StaticEditorFlags: 0
  m_IsActive: 1
--- !u!4 &8632905303794187696
Transform:
  m_ObjectHideFlags: 0
  m_CorrespondingSourceObject: {fileID: 0}
  m_PrefabInstance: {fileID: 0}
  m_PrefabAsset: {fileID: 0}
  m_GameObject: {fileID: 4243803076955489301}
  m_LocalRotation: {x: -0, y: -0, z: -0, w: 1}
  m_LocalPosition: {x: 0, y: 0, z: 6.326841}
  m_LocalScale: {x: 1, y: 1, z: 1}
  m_Children: []
  m_Father: {fileID: 5181480344041539404}
  m_RootOrder: 0
  m_LocalEulerAnglesHint: {x: 0, y: 0, z: 0}
--- !u!212 &7955740761498848550
SpriteRenderer:
  m_ObjectHideFlags: 0
  m_CorrespondingSourceObject: {fileID: 0}
  m_PrefabInstance: {fileID: 0}
  m_PrefabAsset: {fileID: 0}
  m_GameObject: {fileID: 4243803076955489301}
  m_Enabled: 1
  m_CastShadows: 0
  m_ReceiveShadows: 0
  m_DynamicOccludee: 1
  m_MotionVectors: 1
  m_LightProbeUsage: 1
  m_ReflectionProbeUsage: 1
  m_RayTracingMode: 0
  m_RayTraceProcedural: 0
  m_RenderingLayerMask: 1
  m_RendererPriority: 0
  m_Materials:
  - {fileID: 10754, guid: 0000000000000000f000000000000000, type: 0}
  m_StaticBatchInfo:
    firstSubMesh: 0
    subMeshCount: 0
  m_StaticBatchRoot: {fileID: 0}
  m_ProbeAnchor: {fileID: 0}
  m_LightProbeVolumeOverride: {fileID: 0}
  m_ScaleInLightmap: 1
  m_ReceiveGI: 1
  m_PreserveUVs: 0
  m_IgnoreNormalsForChartDetection: 0
  m_ImportantGI: 0
  m_StitchLightmapSeams: 1
  m_SelectedEditorRenderState: 0
  m_MinimumChartSize: 4
  m_AutoUVMaxDistance: 0.5
  m_AutoUVMaxAngle: 89
  m_LightmapParameters: {fileID: 0}
  m_SortingLayerID: 0
  m_SortingLayer: 0
  m_SortingOrder: 100
  m_Sprite: {fileID: 6831165330611300861, guid: 157cbc340d2b7e64ab85168e80e95550, type: 3}
  m_Color: {r: 1, g: 1, b: 1, a: 1}
  m_FlipX: 0
  m_FlipY: 0
  m_DrawMode: 0
  m_Size: {x: 1, y: 1}
  m_AdaptiveModeThreshold: 0.5
  m_SpriteTileMode: 0
  m_WasSpriteAssigned: 1
  m_MaskInteraction: 0
  m_SpriteSortPoint: 0
--- !u!60 &795426264981244166
PolygonCollider2D:
  m_ObjectHideFlags: 0
  m_CorrespondingSourceObject: {fileID: 0}
  m_PrefabInstance: {fileID: 0}
  m_PrefabAsset: {fileID: 0}
  m_GameObject: {fileID: 4243803076955489301}
  m_Enabled: 1
  m_Density: 1
  m_Material: {fileID: 0}
  m_IsTrigger: 0
  m_UsedByEffector: 0
  m_UsedByComposite: 1
  m_Offset: {x: 0, y: 0}
  m_SpriteTilingProperty:
    border: {x: 0, y: 0, z: 0, w: 0}
    pivot: {x: 0.5, y: 0.5}
    oldSize: {x: 1, y: 1}
    newSize: {x: 1, y: 1}
    adaptiveTilingThreshold: 0.5
    drawMode: 0
    adaptiveTiling: 0
  m_AutoTiling: 0
  m_Points:
    m_Paths:
    - - {x: -0.5, y: 0.5}
      - {x: -0.5, y: -0.375}
      - {x: -0.28125, y: -0.5}
      - {x: 0.5, y: -0.5}
      - {x: 0.5, y: 0.5}
--- !u!1 &5769094447945657982
GameObject:
  m_ObjectHideFlags: 0
  m_CorrespondingSourceObject: {fileID: 0}
  m_PrefabInstance: {fileID: 0}
  m_PrefabAsset: {fileID: 0}
  serializedVersion: 6
  m_Component:
  - component: {fileID: 5181480344041539404}
  - component: {fileID: 8898110888052174537}
  - component: {fileID: 5039482969885970432}
  - component: {fileID: 6637598655064129145}
  m_Layer: 8
  m_Name: ShortPlatform
  m_TagString: Ground
  m_Icon: {fileID: 0}
  m_NavMeshLayer: 0
  m_StaticEditorFlags: 0
  m_IsActive: 1
--- !u!4 &5181480344041539404
Transform:
  m_ObjectHideFlags: 0
  m_CorrespondingSourceObject: {fileID: 0}
  m_PrefabInstance: {fileID: 0}
  m_PrefabAsset: {fileID: 0}
  m_GameObject: {fileID: 5769094447945657982}
  m_LocalRotation: {x: 0, y: 0, z: 0, w: 1}
  m_LocalPosition: {x: 15.23, y: 9.050883, z: -6.326841}
  m_LocalScale: {x: 1, y: 1, z: 1}
  m_Children:
  - {fileID: 8632905303794187696}
  - {fileID: 1069318146472379121}
  - {fileID: 143417226459198156}
  - {fileID: 7382618324194028304}
  m_Father: {fileID: 0}
  m_RootOrder: 0
  m_LocalEulerAnglesHint: {x: 0, y: 0, z: 0}
--- !u!50 &8898110888052174537
Rigidbody2D:
  serializedVersion: 4
  m_ObjectHideFlags: 0
  m_CorrespondingSourceObject: {fileID: 0}
  m_PrefabInstance: {fileID: 0}
  m_PrefabAsset: {fileID: 0}
  m_GameObject: {fileID: 5769094447945657982}
  m_BodyType: 2
  m_Simulated: 1
  m_UseFullKinematicContacts: 0
  m_UseAutoMass: 0
  m_Mass: 1
  m_LinearDrag: 0
  m_AngularDrag: 0.05
  m_GravityScale: 1
  m_Material: {fileID: 0}
  m_Interpolate: 0
  m_SleepingMode: 1
  m_CollisionDetection: 0
  m_Constraints: 0
--- !u!66 &5039482969885970432
CompositeCollider2D:
  m_ObjectHideFlags: 0
  m_CorrespondingSourceObject: {fileID: 0}
  m_PrefabInstance: {fileID: 0}
  m_PrefabAsset: {fileID: 0}
  m_GameObject: {fileID: 5769094447945657982}
  m_Enabled: 1
  m_Density: 1
  m_Material: {fileID: 0}
  m_IsTrigger: 0
  m_UsedByEffector: 1
  m_UsedByComposite: 0
  m_Offset: {x: 0, y: 0}
  m_GeometryType: 0
  m_GenerationType: 0
  m_EdgeRadius: 0
  m_ColliderPaths:
  - m_Collider: {fileID: 795426264981244166}
    m_ColliderPaths:
    - - X: -5000000
        Y: 5000000
      - X: -5000000
        Y: -3750000
      - X: -2812500
        Y: -5000000
      - X: 5000000
        Y: -5000000
      - X: 5000000
        Y: 5000000
  - m_Collider: {fileID: 2376148545835251374}
    m_ColliderPaths:
    - - X: 5000000
        Y: 5000000
      - X: 5000000
        Y: -5000000
      - X: 15000000
        Y: -5000000
      - X: 15000000
        Y: 5000000
  - m_Collider: {fileID: 2017692307221382089}
    m_ColliderPaths:
    - - X: 24687500
        Y: 5000000
      - X: 15000000
        Y: 5000000
      - X: 15000000
        Y: -5000000
      - X: 20625000
        Y: -5000000
      - X: 22187500
        Y: -3750000
      - X: 25000000
        Y: -937500
      - X: 25000000
        Y: 4687500
  m_CompositePaths:
    m_Paths:
    - - {x: 2.062491, y: -0.5}
      - {x: 2.2187512, y: -0.3749988}
      - {x: 2.5, y: -0.093739204}
      - {x: 2.4999924, y: 0.4687576}
      - {x: 2.4687393, y: 0.5}
      - {x: -0.5, y: 0.4999707}
      - {x: -0.4999865, y: -0.37500772}
      - {x: -0.2812432, y: -0.5}
  m_VertexDistance: 0.0005
  m_OffsetDistance: 0.00005
--- !u!251 &6637598655064129145
PlatformEffector2D:
  m_ObjectHideFlags: 0
  m_CorrespondingSourceObject: {fileID: 0}
  m_PrefabInstance: {fileID: 0}
  m_PrefabAsset: {fileID: 0}
  m_GameObject: {fileID: 5769094447945657982}
  m_Enabled: 1
  m_UseColliderMask: 0
  m_ColliderMask:
    serializedVersion: 2
    m_Bits: 4294967295
  m_RotationalOffset: 0
  m_UseOneWay: 1
  m_UseOneWayGrouping: 0
  m_SurfaceArc: 170
  m_UseSideFriction: 0
  m_UseSideBounce: 0
  m_SideArc: 1
--- !u!1001 &1417309522647974647
PrefabInstance:
  m_ObjectHideFlags: 0
  serializedVersion: 2
  m_Modification:
    m_TransformParent: {fileID: 7382618324194028304}
    m_Modifications:
    - target: {fileID: 3794336179074507875, guid: 5563c16ff40fe96448adc59c9047d979, type: 3}
      propertyPath: m_Name
      value: TX Village Props Grass F
      objectReference: {fileID: 0}
    - target: {fileID: 3794336179074507875, guid: 5563c16ff40fe96448adc59c9047d979, type: 3}
      propertyPath: m_Layer
      value: 8
      objectReference: {fileID: 0}
    - target: {fileID: 3794336179074507884, guid: 5563c16ff40fe96448adc59c9047d979, type: 3}
      propertyPath: m_RootOrder
      value: 2
      objectReference: {fileID: 0}
    - target: {fileID: 3794336179074507884, guid: 5563c16ff40fe96448adc59c9047d979, type: 3}
      propertyPath: m_LocalPosition.x
      value: -0.92917633
      objectReference: {fileID: 0}
    - target: {fileID: 3794336179074507884, guid: 5563c16ff40fe96448adc59c9047d979, type: 3}
      propertyPath: m_LocalPosition.y
      value: 0.46197796
      objectReference: {fileID: 0}
    - target: {fileID: 3794336179074507884, guid: 5563c16ff40fe96448adc59c9047d979, type: 3}
      propertyPath: m_LocalPosition.z
      value: 0
      objectReference: {fileID: 0}
    - target: {fileID: 3794336179074507884, guid: 5563c16ff40fe96448adc59c9047d979, type: 3}
      propertyPath: m_LocalRotation.w
      value: 1
      objectReference: {fileID: 0}
    - target: {fileID: 3794336179074507884, guid: 5563c16ff40fe96448adc59c9047d979, type: 3}
      propertyPath: m_LocalRotation.x
      value: -0
      objectReference: {fileID: 0}
    - target: {fileID: 3794336179074507884, guid: 5563c16ff40fe96448adc59c9047d979, type: 3}
      propertyPath: m_LocalRotation.y
      value: -0
      objectReference: {fileID: 0}
    - target: {fileID: 3794336179074507884, guid: 5563c16ff40fe96448adc59c9047d979, type: 3}
      propertyPath: m_LocalRotation.z
      value: -0
      objectReference: {fileID: 0}
    - target: {fileID: 3794336179074507884, guid: 5563c16ff40fe96448adc59c9047d979, type: 3}
      propertyPath: m_LocalEulerAnglesHint.x
      value: 0
      objectReference: {fileID: 0}
    - target: {fileID: 3794336179074507884, guid: 5563c16ff40fe96448adc59c9047d979, type: 3}
      propertyPath: m_LocalEulerAnglesHint.y
      value: 0
      objectReference: {fileID: 0}
    - target: {fileID: 3794336179074507884, guid: 5563c16ff40fe96448adc59c9047d979, type: 3}
      propertyPath: m_LocalEulerAnglesHint.z
      value: 0
      objectReference: {fileID: 0}
    m_RemovedComponents: []
  m_SourcePrefab: {fileID: 100100000, guid: 5563c16ff40fe96448adc59c9047d979, type: 3}
--- !u!4 &2811225998669915803 stripped
Transform:
  m_CorrespondingSourceObject: {fileID: 3794336179074507884, guid: 5563c16ff40fe96448adc59c9047d979, type: 3}
  m_PrefabInstance: {fileID: 1417309522647974647}
  m_PrefabAsset: {fileID: 0}
--- !u!1001 &1503921941268259654
PrefabInstance:
  m_ObjectHideFlags: 0
  serializedVersion: 2
  m_Modification:
    m_TransformParent: {fileID: 7382618324194028304}
    m_Modifications:
    - target: {fileID: 7962771963949938453, guid: e01e2d4f1cd94b24fba7c5f7447720c5, type: 3}
      propertyPath: m_Name
      value: TX Village Props Grass C
      objectReference: {fileID: 0}
    - target: {fileID: 7962771963949938453, guid: e01e2d4f1cd94b24fba7c5f7447720c5, type: 3}
      propertyPath: m_Layer
      value: 8
      objectReference: {fileID: 0}
    - target: {fileID: 7962771963949938454, guid: e01e2d4f1cd94b24fba7c5f7447720c5, type: 3}
      propertyPath: m_RootOrder
      value: 0
      objectReference: {fileID: 0}
    - target: {fileID: 7962771963949938454, guid: e01e2d4f1cd94b24fba7c5f7447720c5, type: 3}
      propertyPath: m_LocalPosition.x
      value: 1.0805588
      objectReference: {fileID: 0}
    - target: {fileID: 7962771963949938454, guid: e01e2d4f1cd94b24fba7c5f7447720c5, type: 3}
      propertyPath: m_LocalPosition.y
      value: 0.48285866
      objectReference: {fileID: 0}
    - target: {fileID: 7962771963949938454, guid: e01e2d4f1cd94b24fba7c5f7447720c5, type: 3}
      propertyPath: m_LocalPosition.z
      value: 0
      objectReference: {fileID: 0}
    - target: {fileID: 7962771963949938454, guid: e01e2d4f1cd94b24fba7c5f7447720c5, type: 3}
      propertyPath: m_LocalRotation.w
      value: 1
      objectReference: {fileID: 0}
    - target: {fileID: 7962771963949938454, guid: e01e2d4f1cd94b24fba7c5f7447720c5, type: 3}
      propertyPath: m_LocalRotation.x
      value: -0
      objectReference: {fileID: 0}
    - target: {fileID: 7962771963949938454, guid: e01e2d4f1cd94b24fba7c5f7447720c5, type: 3}
      propertyPath: m_LocalRotation.y
      value: -0
      objectReference: {fileID: 0}
    - target: {fileID: 7962771963949938454, guid: e01e2d4f1cd94b24fba7c5f7447720c5, type: 3}
      propertyPath: m_LocalRotation.z
      value: -0
      objectReference: {fileID: 0}
    - target: {fileID: 7962771963949938454, guid: e01e2d4f1cd94b24fba7c5f7447720c5, type: 3}
      propertyPath: m_LocalEulerAnglesHint.x
      value: 0
      objectReference: {fileID: 0}
    - target: {fileID: 7962771963949938454, guid: e01e2d4f1cd94b24fba7c5f7447720c5, type: 3}
      propertyPath: m_LocalEulerAnglesHint.y
      value: 0
      objectReference: {fileID: 0}
    - target: {fileID: 7962771963949938454, guid: e01e2d4f1cd94b24fba7c5f7447720c5, type: 3}
      propertyPath: m_LocalEulerAnglesHint.z
      value: 0
      objectReference: {fileID: 0}
    m_RemovedComponents: []
  m_SourcePrefab: {fileID: 100100000, guid: e01e2d4f1cd94b24fba7c5f7447720c5, type: 3}
--- !u!4 &8817612527247103056 stripped
Transform:
  m_CorrespondingSourceObject: {fileID: 7962771963949938454, guid: e01e2d4f1cd94b24fba7c5f7447720c5, type: 3}
  m_PrefabInstance: {fileID: 1503921941268259654}
  m_PrefabAsset: {fileID: 0}
--- !u!1001 &8943011210804793011
PrefabInstance:
  m_ObjectHideFlags: 0
  serializedVersion: 2
  m_Modification:
    m_TransformParent: {fileID: 7382618324194028304}
    m_Modifications:
    - target: {fileID: 4513916581265989674, guid: 5c93eb54423fd07489427eca0ba3e42a, type: 3}
      propertyPath: m_RootOrder
      value: 1
      objectReference: {fileID: 0}
    - target: {fileID: 4513916581265989674, guid: 5c93eb54423fd07489427eca0ba3e42a, type: 3}
      propertyPath: m_LocalPosition.x
      value: 0.15660286
      objectReference: {fileID: 0}
    - target: {fileID: 4513916581265989674, guid: 5c93eb54423fd07489427eca0ba3e42a, type: 3}
      propertyPath: m_LocalPosition.y
      value: 0.49851894
      objectReference: {fileID: 0}
    - target: {fileID: 4513916581265989674, guid: 5c93eb54423fd07489427eca0ba3e42a, type: 3}
      propertyPath: m_LocalPosition.z
      value: 0
      objectReference: {fileID: 0}
    - target: {fileID: 4513916581265989674, guid: 5c93eb54423fd07489427eca0ba3e42a, type: 3}
      propertyPath: m_LocalRotation.w
      value: 1
      objectReference: {fileID: 0}
    - target: {fileID: 4513916581265989674, guid: 5c93eb54423fd07489427eca0ba3e42a, type: 3}
      propertyPath: m_LocalRotation.x
      value: -0
      objectReference: {fileID: 0}
    - target: {fileID: 4513916581265989674, guid: 5c93eb54423fd07489427eca0ba3e42a, type: 3}
      propertyPath: m_LocalRotation.y
      value: -0
      objectReference: {fileID: 0}
    - target: {fileID: 4513916581265989674, guid: 5c93eb54423fd07489427eca0ba3e42a, type: 3}
      propertyPath: m_LocalRotation.z
      value: -0
      objectReference: {fileID: 0}
    - target: {fileID: 4513916581265989674, guid: 5c93eb54423fd07489427eca0ba3e42a, type: 3}
      propertyPath: m_LocalEulerAnglesHint.x
      value: 0
      objectReference: {fileID: 0}
    - target: {fileID: 4513916581265989674, guid: 5c93eb54423fd07489427eca0ba3e42a, type: 3}
      propertyPath: m_LocalEulerAnglesHint.y
      value: 0
      objectReference: {fileID: 0}
    - target: {fileID: 4513916581265989674, guid: 5c93eb54423fd07489427eca0ba3e42a, type: 3}
      propertyPath: m_LocalEulerAnglesHint.z
      value: 0
      objectReference: {fileID: 0}
    - target: {fileID: 4513916581265989675, guid: 5c93eb54423fd07489427eca0ba3e42a, type: 3}
      propertyPath: m_Name
      value: TX Village Props Grass Flower B
      objectReference: {fileID: 0}
    - target: {fileID: 4513916581265989675, guid: 5c93eb54423fd07489427eca0ba3e42a, type: 3}
      propertyPath: m_Layer
      value: 8
      objectReference: {fileID: 0}
    - target: {fileID: 4513916582820495945, guid: 5c93eb54423fd07489427eca0ba3e42a, type: 3}
      propertyPath: m_Layer
      value: 8
      objectReference: {fileID: 0}
    m_RemovedComponents: []
  m_SourcePrefab: {fileID: 100100000, guid: 5c93eb54423fd07489427eca0ba3e42a, type: 3}
--- !u!4 &4809653531239902873 stripped
Transform:
  m_CorrespondingSourceObject: {fileID: 4513916581265989674, guid: 5c93eb54423fd07489427eca0ba3e42a, type: 3}
  m_PrefabInstance: {fileID: 8943011210804793011}
  m_PrefabAsset: {fileID: 0}
